
@article{MezardRicci03,
   author = "M. M{\'e}zard and  F. Ricci-Tersenghi and R. Zecchina",
   title = "Alternative solutions to diluted $p$-spin models and {XORSAT}
problems",
   journal="J. Stat. Phys.",
   volume="111",
   pages="505",
   year = 2003}


